<?xml version="1.0" encoding="UTF-8"?><record xmlns="http://www.loc.gov/MARC21/slim" xmlns:cinclude="http://apache.org/cocoon/include/1.0" xmlns:zs="http://www.loc.gov/zing/srw/">
  <leader>00918nz  a2200193n  4500</leader>
  <controlfield tag="001">no2014095925</controlfield>
  <controlfield tag="003">DLC</controlfield>
  <controlfield tag="005">20140722073539.0</controlfield>
  <controlfield tag="008">140721n| azannaabn          |n aaa     c</controlfield>
  <datafield tag="010" ind1=" " ind2=" ">
    <subfield code="a">no2014095925</subfield>
  </datafield>
  <datafield tag="035" ind1=" " ind2=" ">
    <subfield code="a">(OCoLC)oca09913412</subfield>
  </datafield>
  <datafield tag="040" ind1=" " ind2=" ">
    <subfield code="a">WaU</subfield>
    <subfield code="b">eng</subfield>
    <subfield code="e">rda</subfield>
    <subfield code="c">WaU</subfield>
  </datafield>
  <datafield tag="100" ind1="1" ind2=" ">
    <subfield code="a">Tejo , Camila</subfield>
  </datafield>
  <datafield tag="370" ind1=" " ind2=" ">
    <subfield code="a">Santiago (Chile)</subfield>
    <subfield code="2">naf</subfield>
  </datafield>
  <datafield tag="374" ind1=" " ind2=" ">
    <subfield code="a">Ecologists</subfield>
    <subfield code="a">Botanists</subfield>
    <subfield code="a">College teachers</subfield>
    <subfield code="2">lcsh</subfield>
  </datafield>
  <datafield tag="375" ind1=" " ind2=" ">
    <subfield code="a">female</subfield>
  </datafield>
  <datafield tag="377" ind1=" " ind2=" ">
    <subfield code="a">eng</subfield>
  </datafield>
  <datafield tag="378" ind1=" " ind2=" ">
    <subfield code="q">Camila Francisca Tejo Haristoy</subfield>
  </datafield>
  <datafield tag="670" ind1=" " ind2=" ">
    <subfield code="a">Tejo , Camila. Canopy soils, litterfall and litter decomposition in a coastal old-growth temperate rainforest, Washington, 2013:</subfield>
    <subfield code="b">title page (Camila Tejo) vita (Camila Francisca Tejo Haristoy was born and raised in Santiago, Chile; she worked for two years as an ecology research assistant and botany professor; in 2008 she began her doctoral career at the forest soils program, College of Forest Resources, University of Washington)</subfield>
  </datafield>
</record>